@online{heise,
    author = {Schwan, Ben},
    title  = {Umweltschutz f√ºr Exoplaneten},
    date   = {2019-03-08},
    url    = {https://www.heise.de/newsticker/meldung/Umweltschutz-fuer-Exoplaneten-4324834.html}
}
